<?xml version="1.0" encoding="UTF-8"?><collection xmlns="http://www.loc.gov/MARC21/slim"><record><leader>00503nam--2200181-i-4500</leader><controlfield tag="001">000010562</controlfield><controlfield tag="002">20161230</controlfield><controlfield tag="005">20161230201028</controlfield><controlfield tag="008">060222s1000------------r-----000-0-fre-d</controlfield><datafield ind1=" " ind2=" " tag="040"><subfield code="a">IFIN-HH</subfield></datafield><datafield ind1=" " ind2=" " tag="041"><subfield code="a">fre</subfield></datafield><datafield ind1=" " ind2=" " tag="080"><subfield code="a">015:537.533.35</subfield></datafield><datafield ind1="1" ind2=" " tag="100"><subfield code="a">Cordier, Alain</subfield></datafield><datafield ind1="1" ind2="0" tag="245"><subfield code="a">Defauts crees par l'irradiation dans un microscope electronique</subfield><subfield code="b">These</subfield><subfield code="c">Alain cordier</subfield></datafield><datafield ind1=" " ind2=" " tag="260"><subfield code="a">Toulouse</subfield><subfield code="b">Universite De Toulouse</subfield><subfield code="c">1971</subfield></datafield><datafield ind1=" " ind2=" " tag="300"><subfield code="a">131 P</subfield></datafield><datafield ind1=" " ind2=" " tag="852"><subfield code="a">38226</subfield><subfield code="c">537.533</subfield></datafield><datafield ind1=" " ind2=" " tag="CAT"><subfield code="a">Sys</subfield><subfield code="c">20110829</subfield><subfield code="h">162117</subfield></datafield></record></collection>